<?xml version="1.0" encoding="UTF-8"?><record xmlns="http://www.loc.gov/MARC21/slim" xmlns:cinclude="http://apache.org/cocoon/include/1.0" xmlns:zs="http://www.loc.gov/zing/srw/">
  <leader>00515nz  a2200145n  4500</leader>
  <controlfield tag="001">no2006055349</controlfield>
  <controlfield tag="003">DLC</controlfield>
  <controlfield tag="005">20060529071003.0</controlfield>
  <controlfield tag="008">060528n| acannaabn          |n aaa     c</controlfield>
  <datafield tag="010" ind1=" " ind2=" ">
    <subfield code="a">no2006055349</subfield>
  </datafield>
  <datafield tag="035" ind1=" " ind2=" ">
    <subfield code="a">(OCoLC)oca06954050</subfield>
  </datafield>
  <datafield tag="040" ind1=" " ind2=" ">
    <subfield code="a">InU</subfield>
    <subfield code="b">eng</subfield>
    <subfield code="c">InU</subfield>
  </datafield>
  <datafield tag="100" ind1="1" ind2=" ">
    <subfield code="a">Tomcsányi, János,</subfield>
    <subfield code="d">1873-1935</subfield>
  </datafield>
  <datafield tag="670" ind1=" " ind2=" ">
    <subfield code="a">Tomcsányi, J. Danzig és a danzigi korridor, 1931:</subfield>
    <subfield code="b">t.p. (Tomcsányi János)</subfield>
  </datafield>
  <datafield tag="670" ind1=" " ind2=" ">
    <subfield code="a">Magy. életr. lex., 1967:</subfield>
    <subfield code="b">(Tomcsányi János; b. Sept. 7, 1873; d. Dec. 30, 1935; translator, publicist)</subfield>
  </datafield>
</record>